@book{Momsen,
    author = "John Momsen",
    title = "Superstar Seasonals: 18 Proven-Dependable Futures Trades For Profiting Year After Year",
    edition = "First",
    pages = "212",
    publisher = "Windsor Books",
    year = "2004",
}

@book{RussellNorvig,
    author = "Stuart Russell and Peter Norvig",
    title = "Artificial Intelgence: A Modern Approach",
    publisher = "Prentice Hall",
    address = "Upper Saddle River, NJ",
    year = "2003",
}

@book{Mitchell,
    author = "Tom M. Mitchell",
    title = "Machine Learning",
    publisher = "McGraw Hill",
    year = "1997",
}

 @misc{ wiki:###,
   author = "Wikipedia",
   title = "Commodity Market --- {W}ikipedia{,} The Free Encyclopedia",
   year = "2009",
   url = "http://en.wikipedia.org/wiki/Commodity_market",
   note = "[Online; accessed 23-May-2009]"
 }
